<?xml version="1.0" encoding="UTF-8"?><collection xmlns="http://www.loc.gov/MARC21/slim"><record><leader>00404nam--2200133-i-4500</leader><controlfield tag="001">000011607</controlfield><controlfield tag="002">20161230</controlfield><controlfield tag="005">20161230201029</controlfield><controlfield tag="008">060222s1000------------r-----000-0-eng-d</controlfield><datafield ind1=" " ind2=" " tag="080"><subfield code="a">62-50(021.13)</subfield></datafield><datafield ind1=" " ind2=" " tag="100"><subfield code="a">Arbib, Michael A., Kalman, Rudolf E. Si Falb, Peter L</subfield></datafield><datafield ind1=" " ind2=" " tag="245"><subfield code="a">Teoria sistemelor dinamice. traducere din limba engleza s.u.a</subfield></datafield><datafield ind1=" " ind2=" " tag="260"><subfield code="a">Bucuresti, Editura Tehnica, 1975 328 P</subfield></datafield><datafield ind1=" " ind2=" " tag="852"><subfield code="a">43023</subfield></datafield></record></collection>